@ARTICLE{Taylor01defininglinear,
    author = {William R. Taylor},
    title = {Defining linear segments in protein structure},
    journal = {J. Mol. Biol},
    year = {2001},
    volume = {310},
    pages = {1135--1150}
}

@article{tableau,
author = {Konagurthu, Arun S. and Stuckey, Peter J. and Lesk, Arthur M.}, 
title = {Structural Search and Retrieval using a Tableau Representation of Protein Folding Patterns},
year = {2008}, 
journal = {Bioinformatics} 
}

@article{Konagurthu-piecewise-linear,
author = {Konagurthu, Arun S. and Allison, Lloyd and Stuckey, Peter J. and Lesk, Arthur M.}, 
title = {Piecewise linear approximation of protein structures using the principle of minimum message length},
volume = {27}, 
number = {13}, 
pages = {i43-i51}, 
year = {2011}, 
journal = {Bioinformatics} 
}

@article{chothia,
    author = {Chothia, C. and Levitt, M. and Richardson, D.},
    day = {5},
    issn = {0022-2836},
    journal = {J. Mol. Biol.},
    keywords = {project},
    month = jan,
    number = {1},
    pages = {215--250},
    pmid = {7265198},
    priority = {5},
    title = {{Helix to helix packing in proteins.}},
    volume = {145},
    year = {1981}
}

@article{Cohen1981253,
title = "Analysis of the tertiary structure of protein $\beta$-sheet sandwiches",
journal = "J. Mol. Biol.",
volume = "148",
number = "3",
pages = "253 - 272",
year = "1981",
note = "",
author = "Fred E. Cohen and Michael J.E. Sternberg and William R. Taylor"
}

@article {dssp,
  title = {Dictionary of protein secondary structure: pattern recognition of hydrogen-bonded and geometrical features},
  journal = {Biopolymers},
  volume = {22},
  year = {1983},
  month = {1983 Dec},
  pages = {2577-637},
  keywords = {Amino Acid Sequence, Hydrogen Bonding, Protein Conformation, Proteins},
  issn = {0006-3525},
  author = {Kabsch, W and Sander, C}
}

@article{sklenar,
    author = {Sklenar, H. and Etchebest, C. and Lavery, R.},
    journal = {Proteins},
    keywords = {bibtex-import},
    pages = {46--60},
    priority = {1},
    title = {{Describing protein structure: a general algorithm yielding complete helicoidal parameters and a unique overall axis}},
    volume = {6},
    year = {1989}
}

@article{RTaylor-elipsoidal,
title = "An ellipsoidal approximation of protein shape",
journal = "Journal of Molecular Graphics",
volume = "1",
number = "2",
pages = "30 - 38",
year = "1983",
note = "",
author = "W R Taylor and J M Thornton and W G Turnell",
keywords = "protein structure",
keywords = "ellipsoids",
keywords = "interactive techniques"
}

@ARTICLE{Eidhammer99structurecomparison,
    author = {Ingvar Eidhammer and Inge Jonassen and William R. Taylor},
    title = {Structure Comparison and Structure Patterns},
    journal = {JOURNAL OF COMPUTATIONAL BIOLOGY},
    year = {1999},
    volume = {7},
    pages = {685--716}
}

@article{holm1993protein,
  title={Protein structure comparison by alignment of distance matrices},
  author={Holm, L. and Sander, C. and others},
  journal={Journal of molecular biology},
  volume={233},
  number={1},
  pages={123--138},
  year={1993},
  publisher={Elsevier Science}
}

@techreport{banerjee-mdl-polygon,
   title = "{A} minimum description length polygonal approximation method",
   author = "Banerjee, S. and Flickner, Myron and Niblack, Wayne",
   institution = "IBM US Research Centers (Yorktown,San Jose,Almaden, US)",
   number = "RJ 10007",
   year = 1996
}

@INPROCEEDINGS{patrick-stone-circles,
   author = {{Patrick}, J.~D. and {Wallace}, C.~S.},
    title = "{Stone Circle Geometries: AN Information Theory Approach}",
booktitle = {Archaeoastronomy in the Old World},
     year = 1982,
   editor = {{Heggie}, D.~C.},
    pages = {231},
}

@article{wallace-87,
     jstor_articletype = {research-article},
     title = {Estimation and Inference by Compact Coding},
     author = {Wallace, C. S. and Freeman, P. R.},
     journal = {Journal of the Royal Statistical Society. Series B (Methodological)},
     jstor_issuetitle = {},
     volume = {49},
     number = {3},
     jstor_formatteddate = {1987},
     pages = {pp. 240-265},
     language = {English},
     year = {1987},
     publisher = {Wiley for the Royal Statistical Society},
    }

@article{wallace68,
  author = {Wallace, C. S. and Boulton, D. M.},
  title ={An information measure for classification},
  journal= {Computer Journal},
  volume={11},
  number={2},
  pages={185--194} ,
  year={1968}
}

@article{EliasOmega75,
  author = {Elias, P.},
  title ={Universal codeword sets and representations of the integers},
  journal= {IEEE Trans. Information Theory},
  volume={21},
  number={2},
  pages={194--203} ,
  year={1975}
}

@book{WallaceBook,
  author = {Wallace, C. S},
  publisher = {{SpringerVerlag}},
  title = {Statistical and Inductive Inference using Minimum Message Length},
  series={Information Science and Statistics},
  year = {2005}
}

@article{georgeff-wallace,
  author = {Georgeff, M. P. and Wallace, C. S.},
  title = {A general selection criterion for inductive inference},
  journal = {European Conf. on Artificial Intelligence},
  pages={473--482},
  month = {September},
  year={1984}
}

@article{STRIDE,
  title = {Knowledge-based protein secondary structure assignment},
  author ={Frishman, D. and Argos, P.},
  journal= {Proteins},
  volume={23},
  number={4},
  pages={566--579} ,
  year={1995}
}

@article{PALSSE,
  title = {{PALSSE}: A program to delineate linear secondary structural elements from protein structures},
  author ={Majumdar, I. and Krishna, S. S. and Grishin, N. V.},
  journal= {BMC Bioinformatics},
  volume={6},
  pages={202} ,
  year={2005}
}

@article{VOTAP,
  title = {Protein secondary structure assignment through Voronoi tessellation.},
  author ={Dupuis, F. and Sadoc, J. F. and Mornon, J. P.},
  journal= {Proteins},
  volume={55},
  pages={519--528} ,
  year={2004}
}

@article{Louie1983143,
title = "Differential geometry of proteins: Helical approximations",
journal = "J.Mol. Biol.",
volume = "168",
number = "1",
pages = "143 - 162",
year = "1983",
note = "",
author = "A.H. Louie and R.L. Somorjai"
}

@article{blundell,
    author = {Blundell, Tom and Barlow, David and Borkakoti, Nivedita and Thornton, Janet},
    day = {17},
    journal = {Nature},
    keywords = {file-import-09-06-23},
    month = nov,
    number = {5940},
    pages = {281--283},
    priority = {2},
    title = {{Solvent-induced distortions and the curvature of [alpha]-helices}},
    volume = {306},
    year = {1983}
}

@article{Barlow1988601,
title = "Helix geometry in proteins",
journal = "J. Mol. Biol.",
volume = "201",
number = "3",
pages = "601 - 619",
year = "1988",
note = "",
author = "D.J. Barlow and J.M. Thornton"
}

@inbook{richardson-anatomy,
    author = {Richardson, J.},
    booktitle = {Advances in Protein Chemistry Volume 34},
    keywords = {dtc\_project1},
    pages = {167--339},
    priority = {2},
    publisher = {Elsevier},
    series = {Advances in Protein Chemistry},
    title = {{The Anatomy and Taxonomy of Protein Structure}},
    volume = {34},
    year = {1981}
}

@article{murzin1995scop,
  title={SCOP: a structural classification of proteins database for the investigation of sequences and structures},
  author={Murzin, A.G. and Brenner, S.E. and Hubbard, T. and Chothia, C. and others},
  journal={Journal of molecular biology},
  volume={247},
  number={4},
  pages={536--540},
  year={1995},
  publisher={London, New York, Academic Press.}
}

@article{richardson1977beta,
  title={Beta-sheet topology and the relatedness of proteins},
  author={Richardson, J.S.},
  journal={Nature},
  volume={268},
  pages={495--500},
  year={1977}
}

@article{edsall1966proposal,
  title={A proposal of standard conventions and nomenclature for the description of polypeptide conformation.},
  author={Edsall, JT and Flory, PJ and Kendrew, JC and Liquori, AM and Nemethy, G. and Ramachandran, GN and Scheraga, HA and others},
  journal={The Journal of biological chemistry},
  volume={241},
  number={4},
  pages={1004},
  year={1966}
}

@article{cuff1999evaluation,
  title={Evaluation and improvement of multiple sequence methods for protein secondary structure prediction},
  author={Cuff, J.A. and Barton, G.J.},
  journal={Proteins},
  volume={34},
  number={4},
  pages={508--519},
  year={1999},
  publisher={Wiley Online Library}
}

@article {define,
author = {Richards, Frederic M. and Kundrot, Craig E.},
title = {Identification of structural motifs from protein coordinate data: Secondary structure and first-level supersecondary structure},
journal = {Proteins},
volume = {3},
number = {2},
publisher = {Wiley Subscription Services, Inc., A Wiley Company},
pages = {71--84},
keywords = {CÎ± coordinates, distance matrix, difference distance matrix, helix axes, strand axes, interaxial angles, turns},
year = {1988},
}

@article{levitt1977automatic,
  title={Automatic identification of secondary structure in globular proteins},
  author={Levitt, M. and Greer, J. and others},
  journal={Journal of molecular biology},
  volume={114},
  number={2},
  pages={181--239},
  year={1977},
  publisher={Citeseer}
}

@article{colloc1993comparison,
  title={Comparison of three algorithms for the assignment of secondary structure in proteins: the advantages of a consensus assignment},
  author={Colloc'h, N. and Etchebest, C. and Thoreau, E. and Henrissat, B. and Mornon, J.P.},
  journal={Protein engineering},
  volume={6},
  number={4},
  pages={377--382},
  year={1993},
  publisher={Oxford Univ Press}
}

@article{ranganathan2009description,
  title={Description and recognition of regular and distorted secondary structures in proteins using the automated protein structure analysis method},
  author={Ranganathan, S. and Izotov, D. and Kraka, E. and Cremer, D.},
  journal={Proteins},
  volume={76},
  number={2},
  pages={418--438},
  year={2009},
  publisher={Wiley Online Library}
}

@article{orengo1997cath,
  title={CATH--a hierarchic classification of protein domain structures},
  author={Orengo, C.A. and Michie, AD and Jones, S. and Jones, D.T. and Swindells, MB and Thornton, J.M.},
  journal={Structure},
  volume={5},
  number={8},
  pages={1093--1109},
  year={1997},
  publisher={Elsevier}
}

@article{shannon1948,
  author = {Shannon, Claude E.},
  journal = {The Bell System Technical Journal},
  keywords = {communication entropy Shannon statistics Theorie Information},
  month = {july, october},
  pages = {379--423, 623--},
  title = {A Mathematical Theory of Communication},
  volume = 27,
  year = 1948
}

@article{oliver1994mml,
  title={MML and Bayesianism: Similarities and differences},
  author={Oliver, J.J. and Baxter, R.A.},
  journal={Dept. Comput. Sci. Monash Univ., Clayton, Victoria, Australia, Tech. Rep},
  volume={206},
  year={1994},
  publisher={Citeseer}
}

@article{bellman1957dynamic,
  title={Dynamic Programming, Princeton},
  author={Bellman, R.},
  journal={NJ: Princeton UP},
  year={1957}
}

@article{kearsley89,
  author = {Simon K. Kearsley},
  title ={On the orthogonal transformation used for structural comparisons},
  journal={Acta. Cryst.},
  volume={A45},
  pages={208-210} ,
  year={1989}
}

@article{legendre,
author={Legendre, A. M.},
title={Recherches sur l'attraction des sph\'{e}ro\"{\i}des homog\`{e}nes
},
journal={M\'{e}moires de Math\'{e}matiques et de Physique, pr\'{e}sent\'{e}s \`{a} l'Acad\'{e}mie Royale des Sciences, par divers savans, et lus dans ses Assembl\'{e}es
},
pages={411-435},
year={1785}
}

@article{laplace1774,
author={Laplace, P. S.},
title={M\'{e}moire sur la probabilit\'{e} des causes par les \'{e}v\`{e}nements.},
journal={M\'{e}moires de lâAcademie Royale des Sciences Present\'{e}s par Divers Savan, 6},
pages={621-656},
year={1774}
}

@article{laplace1778,
author={Laplace, P. S.},
title={M\'{e}moire sur les probabilit\'{e}s},
journal={M\'{e}moires de l'Acad\'{e}mie Royale des Sciences de Paris},
pages={1-98},
year={1778}
}

@book{numerical_recipes,
    author = {Press, William H. and Teukolsky, Saul A. and Vetterling, William T. and Flannery, Brian P.},
    day = {07},
    month = feb,
    priority = {0},
    publisher = {Cambridge University Press},
    title = {{Numerical Recipes in C++: The Art of Scientific Computing}},
    year = {2002}
}

@book{stein1971,
  title={Introduction to Fourier Analysis on Euclidean Spaces (PMS-32)},
  author={Stein, Elias M and Weiss, Guido},
  volume={32},
  year={1971},
  publisher={Princeton university press}
}

@article{mustang,
  title={MUSTANG: a multiple structural alignment algorithm},
  author={Konagurthu, Arun S and Whisstock, James C and Stuckey, Peter J and Lesk, Arthur M},
  journal={Proteins}, 
  volume={64},
  number={3},
  pages={559--574},
  year={2006},
  publisher={Wiley Online Library}
}

@inproceedings{hasegawa,
  title={Evaluation of Novel Protein Structure Comparison Algorithms Based on Objective Function Rankings},
  author={Hasegawa, Hitomi and Holm, Liisa},
  booktitle={Biomedical Engineering and Informatics, 2009. BMEI'09. 2nd International Conference on},
  pages={1--6},
  year={2009},
  organization={IEEE}
}

@inproceedings{cherkassky1997comparison,
  title={Comparison of {VC}-method with classical methods for model selection},
  author={Cherkassky, V and Mulier, F and Vapnik, V},
  booktitle={Proceedings World Congress on Neural Networks},
  pages={957--962},
  year={1997}
}

@TECHREPORT{wallace97,
  AUTHOR = {Chris S. Wallace},
  TITLE = {On the selection of the order of a polynomial model},
  INSTITUTION = {Royal Holloway College},
  YEAR = 1997
}

@book{lesk2004introduction,
  title={Introduction to protein science},
  author={Lesk, Arthur M},
  year={2004},
  publisher={Oxford University Press}
}

@article{PaulingCorey51,
  author = {Pauling, L. and Corey, R.},
  title ={Configurations of polypeptide chains with favored orientations around single bonds: Two new pleated sheets.},
  journal=pnas,
  volume={37},
  issue={4},
  pages={729--740} ,
  year={1951}
}
@article{PaulingCoreyBranson51,
  author = {Pauling, L. and Corey, R. and Branson, H. R.},
  title ={The structures of proteins: Two hydrogen bonded helical configurations of polypeptide chain.},
  journal=pnas,
  volume={37},
  issue={11},
  pages={205--211} ,
  year={1951}
}

@article{conwaySloane84,
  author = {J. H. Conway and N. J. A. Sloane},
  title ={On the Voronoi regions of certain lattices.},
  journal={SIAM Journal on Algebraic and Discrete Methods},
  volume={5},
  pages={294-305} ,
  year={1984}
}

@article{baxter1994mdl,
  title={MDL and MML: Similarities and Differences (Introduction to Minimum Encoding Inference--Part II)},
  author={Baxter, Rohan A and Oliver, Jonathan},
  year={1994},
  publisher={Citeseer}
}

@article{kamat2007contact,
  title={Contact patterns between helices and strands of sheet define protein folding patterns},
  author={Kamat, Akhil P and Lesk, Arthur M},
  journal={Proteins},
  volume={66},
  number={4},
  pages={869--876},
  year={2007},
  publisher={Wiley Online Library}
}

@article{abagyan1988simple,
  title={A simple qualitative representation of polypeptide chain folds: Comparison of protein tertiary structures},
  author={Abagyan, RA and Maiorov, VN},
  journal={Journal of Biomolecular Structure and Dynamics},
  volume={5},
  number={6},
  pages={1267--1279},
  year={1988},
  publisher={Taylor \& Francis}
}

@book{branden1991introduction,
  title={Introduction to protein structure},
  author={Branden, Carl and Tooze, John and others},
  volume={2},
  year={1991},
  publisher={Garland New York}
}

@article{mizuguchi1995comparison,
  title={Comparison of spatial arrangements of secondary structural elements in proteins},
  author={Mizuguchi, Kenji and G{\"o}, Nobuhiro},
  journal={Protein Engineering},
  volume={8},
  number={4},
  pages={353--362},
  year={1995},
  publisher={Oxford Univ Press}
}

@article{shi2007searching,
  title={Searching for three-dimensional secondary structural patterns in proteins with ProSMoS},
  author={Shi, Shuoyong and Zhong, Yi and Majumdar, Indraneel and Krishna, S Sri and Grishin, Nick V},
  journal={Bioinformatics},
  volume={23},
  number={11},
  pages={1331--1338},
  year={2007},
  publisher={Oxford Univ Press}
}

